1935 3340
833 374 863 411 A
876 375 936 411 Da

379 510 838 574 LECTOREM
910 511 1378 573 PRAEFATIO.

144 736 404 798 SACRAM
442 762 680 813 Seripturam
713 762 866 813 (Amice
899 761 1054 813 Lector)
1087 776 1165 812 prae
1199 762 1283 799 aliis
1317 762 1505 806 omnibus,
1541 777 1624 812 quae

140 825 323 864 haetenus
352 829 453 878 apud
482 829 655 867 homines
686 829 807 867 literis
837 829 1018 866 mandata
1046 828 1247 873 habentur,
1275 828 1385 865 facile
1415 828 1626 878 principem

140 906 220 929 esse
252 893 394 930 nemini
426 894 586 931 dubium
618 895 701 941 erit,
729 895 805 944 qui,
834 908 879 931 ne
909 894 1001 944 quid
1031 894 1079 930 de
1108 906 1257 929 sumnia
1286 893 1366 942 ejus
1396 893 1626 942 antiquitate

141 956 275 1004 dicam,
298 958 487 996 Antoren]
506 960 609 997 illius
632 965 747 1010 atque
771 960 992 997 institutum
1016 960 1129 1009 paulo
1154 959 1339 996 attentius
1364 959 1623 996 eonsiderarit.

142 1023 244 1060 Nam
273 1037 360 1061 euni
390 1025 558 1074 primum
585 1025 716 1062 Divini
748 1025 914 1075 Spiritus
944 1025 1072 1062 afflatu
1102 1024 1216 1062 suerit
1247 1025 1480 1074 consignata,
1505 1025 1625 1075 deque

140 1090 253 1126 rebus
273 1091 412 1127 summi
433 1091 618 1128 momenti
642 1096 741 1141 agat,
764 1096 847 1128 tum
871 1091 988 1128 etiam
1014 1091 1062 1127 ad
1087 1090 1447 1139 praestantissinunn
1470 1104 1626 1139 scopum

142 1155 334 1193 collimare
355 1162 503 1194 certum
524 1163 590 1198 est,
612 1162 655 1194 ut
679 1170 799 1207 genus
826 1170 962 1207 nempe
988 1157 1199 1193 humanum
1226 1156 1273 1192 ad
1300 1162 1483 1193 {eternam
1511 1155 1627 1192 felici-

143 1226 261 1258 tatem
288 1223 472 1271 perducat
488 1236 499 1270 3
531 1223 619 1260 inde
648 1223 787 1260 merito
817 1237 969 1260 censere
1000 1223 1181 1259 debemus
1213 1236 1295 1259 eain
1325 1222 1380 1259 ita
1409 1221 1522 1259 fuisse
1554 1221 1625 1258 Dei

142 1287 298 1324 consilio
319 1288 583 1338 conseriptam,
605 1294 648 1326 ut
674 1288 762 1325 huic
790 1289 855 1325 fini
883 1303 999 1339 quam
1026 1289 1171 1338 optime
1194 1288 1397 1325 inserviret
1416 1301 1424 1333 3
1457 1288 1625 1337 adeoque

142 1353 224 1401 pios
244 1353 428 1401 homines,
450 1355 512 1404 qui
540 1355 703 1404 simplici
730 1356 843 1392 eorde
870 1369 912 1393 ae
939 1355 1171 1405 praejiidiciis
1200 1361 1317 1392 exuto
1346 1354 1392 1391 ad
1420 1355 1541 1403 ipsam
1567 1368 1625 1389 ac·

141 1419 332 1464 cesserint,
354 1420 522 1457 fructum
543 1421 653 1470 plane
674 1421 857 1458 eximium
880 1435 927 1458 ex
948 1421 1029 1471 eius¹
1049 1420 1210 1458 lectione
1232 1426 1487 1469 pereepturos.

198 1485 425 1536 Quanquam
445 1500 536 1523 vero
557 1486 636 1523 haec
657 1487 711 1524 ita
734 1487 821 1532 sint,
844 1493 973 1524 tamen
997 1487 1124 1536 aliqua
1147 1487 1185 1522 in
1211 1485 1326 1523 saeris
1350 1485 1452 1522 hisee
1476 1484 1624 1534 paginis

142 1553 314 1597 δυσνόητα
335 1565 415 1589 esse
436 1552 566 1602 negari
587 1552 744 1590 minime
765 1559 891 1603 potest
909 1566 918 1599 3
950 1567 992 1590 ac
1020 1552 1128 1590 facile
1153 1552 1304 1589 evenire
1328 1551 1415 1588 hinc
1441 1564 1560 1600 posse,
1582 1556 1625 1587 ut

142 1616 326 1661 homines,
357 1619 497 1662 ἀμαθεῖς
527 1620 579 1653 καὶ
609 1619 821 1665 ἀστήρικτοι,
853 1632 896 1655 ea
926 1632 1042 1668 prave
1073 1619 1349 1668 distorqueant,
1380 1631 1432 1661 ae,
1464 1622 1507 1654 ut
1538 1631 1621 1653 611111

144 1683 179 1719 S.
206 1683 320 1720 Petro
360 1683 463 1733 loqui
502 1697 671 1733 pergam,
703 1687 789 1730 πρὸς
824 1686 885 1729 τὴν
917 1686 1005 1719 ἰδίαν
1038 1686 1149 1719 αὐτῶν
1183 1680 1356 1719 ἀπώΧειαν
1389 1689 1620 1733 pervertant.

143 1749 279 1799 Neque
306 1750 469 1786 arduum
496 1755 597 1787 certe
624 1750 722 1787 foret
748 1750 914 1800 plurima
942 1750 1051 1787 istius
1078 1750 1181 1787 modi
1208 1750 1291 1787 loca
1314 1750 1526 1786 adducere:
1558 1749 1620 1786 sed

142 1829 227 1851 cuni
248 1815 327 1852 haee
347 1815 430 1865 jam
454 1815 604 1853 abunde
629 1816 676 1852 ab
697 1815 781 1852 aliis
806 1815 946 1853 fuerint
974 1822 1148 1860 tractata,
1173 1829 1240 1852 nec
1264 1829 1325 1852 res
1350 1815 1389 1851 id
1416 1829 1436 1851 a
1462 1828 1521 1851 me
1542 1815 1623 1864 jain

143 1880 282 1930 exigat,
304 1894 428 1931 operae
449 1881 616 1930 pretium
637 1894 712 1917 nou
733 1894 817 1917 511111
838 1887 943 1918 ratus
964 1881 1010 1917 de
1031 1881 1077 1917 iis
1098 1880 1158 1917 hie
1179 1881 1297 1917 fusius
1318 1880 1540 1930 disquirere?

200 1946 253 1984 At
273 1947 468 1984 enimvero
487 1961 563 1997 quo
587 1947 715 1996 plures
745 1947 984 1997 majoresque
1014 1947 1053 1983 in
1079 1960 1186 1983 sacro
1212 1946 1284 1983 hoe
1311 1945 1439 1983 codiee
1466 1945 1623 1982 difficul-

142 2020 241 2050 tates
261 2019 477 2060 occurrunt,
498 2019 536 2051 et
557 2027 632 2063 quo
655 2013 809 2063 gravius
833 2013 913 2063 ejus
940 2026 1093 2050 sensum
1120 2012 1387 2062 corrumpendi
1414 2012 1623 2061 perieulum

142 2078 251 2115 nobis
280 2078 486 2128 impendet,
508 2092 552 2116 eo
582 2079 744 2116 alacrius
774 2079 916 2116 instare
942 2079 1134 2124 debemus,
1156 2083 1199 2116 ut
1226 2078 1291 2114 illa
1314 2078 1441 2114 omnia
1468 2092 1490 2114 a
1517 2078 1625 2114 nobis

142 2144 346 2195 diligenter
374 2158 417 2182 ac
447 2145 615 2183 studiose
645 2145 908 2191 adhibeantur,
930 2159 1014 2194 quae
1043 2150 1127 2182 tum
1156 2144 1204 2180 ad
1231 2157 1385 2181 sensum
1412 2143 1493 2193 ejus
1523 2150 1624 2180 reete

142 2210 430 2260 assequendum,
452 2216 535 2248 tum
559 2211 606 2247 ad
627 2211 784 2261 periculi
811 2211 924 2260 hujus
951 2210 1257 2261 magnitudinem
1286 2209 1515 2253 evitandam,
1538 2223 1624 2245 eon-¹

143 2276 295 2313 ducant.
355 2276 446 2313 Non
467 2277 568 2313 enim
588 2277 741 2323 ideireo,
763 2282 806 2313 ut
829 2276 946 2326 aliqui
971 2276 1145 2326 improbe
1169 2276 1385 2325 opinantur,
1407 2275 1509 2325 quod
1530 2288 1622 2310 non-

143 2342 247 2379 nulla
266 2341 303 2378 111
325 2356 368 2379 eo
390 2342 602 2379 difficiliora
622 2342 709 2388 sint,
731 2341 843 2391 abjici
864 2341 1045 2379 continuo
1066 2341 1179 2378 debet
1191 2354 1200 2387 3
1227 2341 1292 2378 sed
1314 2355 1358 2377 eo
1378 2340 1513 2390 majori
1536 2353 1622 2377 eura

142 2422 185 2444 ae
205 2408 394 2445 modestia
417 2413 474 2445 est
498 2408 755 2455 evolvendus3
785 2413 900 2457 atque
927 2407 1082 2444 omnino
1109 2406 1285 2444 arbitrari
1318 2420 1468 2456 aequum
1500 2412 1557 2443 est
1586 2406 1624 2442 id

144 2474 271 2523 potius
292 2479 375 2511 tuin
401 2474 577 2511 humanae
602 2473 763 2511 rationis
790 2473 992 2518 debilitati,
1014 2478 1097 2509 tum
1118 2472 1328 2509 voluntatis
1355 2478 1393 2508 et
1419 2471 1623 2508 affectuum

143 2539 335 2589 pravitati,
351 2538 452 2589 (quae
472 2539 591 2576 menti
613 2539 815 2589 caliginem
836 2537 1015 2588 offundit)
1038 2537 1296 2582 tribuendum,
1311 2537 1413 2586 quod
1434 2536 1472 2572 in
1489 2536 1622 2573 harum

143 2617 272 2640 rerum
292 2604 510 2654 cognitione
529 2604 715 2653 majorem
736 2603 949 2653 profectum
970 2616 1045 2639 non
1066 2602 1276 2640 fecerimus.

200 2669 283 2706 Nec
303 2682 392 2706 sane
411 2669 553 2706 mirum
573 2669 686 2706 alicui
706 2669 827 2706 videri
849 2669 972 2713 debet,
994 2668 1033 2705 in
1057 2668 1155 2705 libro
1175 2667 1436 2705 vetustissimo
1457 2674 1544 2704 ante
1566 2672 1624 2704 tot

144 2735 281 2772 saeeula
300 2736 453 2785 scripto,
471 2749 589 2786 eaque
609 2736 648 2772 111
663 2741 778 2786 gente
793 2736 900 2786 eujus
921 2735 1018 2772 ritus
1038 2748 1081 2772 ae
1101 2733 1394 2771 consuetudines
1415 2734 1624 2771 maximam

144 2800 220 2837 fere
250 2806 399 2851 partem
429 2801 659 2851 ignoramus,
682 2807 741 2839 tot
770 2800 933 2838 inveniri
963 2801 1122 2838 obseura
1152 2805 1190 2837 et
1219 2799 1416 2836 intellectu
1444 2799 1620 2836 difficilia.

146 2866 272 2913 Quare
299 2880 341 2903 ea
368 2872 434 2904 aut
460 2880 660 2916 perperam
686 2867 852 2916 rejicere,
874 2872 950 2910 aut,
973 2865 1075 2915 quod
1100 2865 1273 2901 nonnulli
1301 2864 1454 2910 faciunt,
1477 2865 1623 2914 sibiqllc

146 2931 232 2968 inde
257 2946 299 2968 ac
324 2931 406 2969 aliis
427 2932 561 2969 urbani
582 2932 703 2969 videri
724 2932 869 2976 volunt,
891 2931 969 2967 risu
997 2945 1039 2967 ae
1066 2930 1192 2967 sannis
1220 2931 1405 2979 excipere,
1435 2930 1623 2979 iniquissi>

505 3018 517 3032 ὃ
542 3012 613 3042 Not
630 3012 663 3041 in
680 3012 738 3042 the
756 3012 896 3053 English
913 3012 990 3042 folio
1008 3012 1144 3041 edition.
1197 3011 1257 3041 ΕΒ.

842 3081 864 3105 Β
889 3079 910 3106 2
